<?xml version="1.0" encoding="UTF-8"?><collection xmlns="http://www.loc.gov/MARC21/slim"><record><leader>00487nam--2200193-i-4500</leader><controlfield tag="001">000024964</controlfield><controlfield tag="002">20161230</controlfield><controlfield tag="005">20161230201035</controlfield><controlfield tag="008">060222s1000------------r-----000-0-eng-d</controlfield><datafield ind1=" " ind2=" " tag="040"><subfield code="a">IFIN-HH</subfield></datafield><datafield ind1=" " ind2=" " tag="080"><subfield code="a">538.97</subfield></datafield><datafield ind1="1" ind2=" " tag="100"><subfield code="a">Davies, J.T</subfield></datafield><datafield ind1="1" ind2="0" tag="245"><subfield code="a">Interfacial phenomena</subfield><subfield code="c">J.t. davies, e.k. rideal</subfield></datafield><datafield ind1=" " ind2=" " tag="250"><subfield code="a">Second Edition</subfield></datafield><datafield ind1=" " ind2=" " tag="260"><subfield code="a">New York</subfield><subfield code="b">Academic Press</subfield><subfield code="c">1963</subfield></datafield><datafield ind1=" " ind2=" " tag="300"><subfield code="a">XIII+480P</subfield></datafield><datafield ind1="1" ind2=" " tag="700"><subfield code="a">Rideal, E.K</subfield></datafield><datafield ind1=" " ind2=" " tag="852"><subfield code="a">77429</subfield><subfield code="c">539.2</subfield></datafield><datafield ind1=" " ind2=" " tag="CAT"><subfield code="a">Sys</subfield><subfield code="c">20121127</subfield><subfield code="h">132057</subfield></datafield></record></collection>